<record><leader>00000cas a22000007a 4500</leader><controlfield tag="001">38946846</controlfield><controlfield tag="008">980414d19uu1989ncuwr ne      0    0eng d</controlfield><datafield ind1=" " ind2=" " tag="010"><subfield code="a">sn 97064570 </subfield></datafield><datafield ind1=" " ind2=" " tag="040"><subfield code="a">NVJ</subfield><subfield code="b">eng</subfield><subfield code="c">NVJ</subfield><subfield code="d">OCLCQ</subfield></datafield><datafield ind1=" " ind2=" " tag="042"><subfield code="a">msc</subfield></datafield><datafield ind1="0" ind2=" " tag="130"><subfield code="a">Tri-city record (Bessemer City, N.C.)</subfield></datafield><datafield ind1="1" ind2="0" tag="245"><subfield code="a">Tri-city record.</subfield></datafield><datafield ind1=" " ind2=" " tag="260"><subfield code="a">Kings Mountain, N.C. :</subfield><subfield code="b">General Pub., Co.</subfield></datafield><datafield ind1=" " ind2=" " tag="300"><subfield code="a">v.</subfield></datafield><datafield ind1=" " ind2=" " tag="310"><subfield code="a">Weekly</subfield></datafield><datafield ind1="1" ind2=" " tag="362"><subfield code="a">Ceased in 1989.</subfield></datafield><datafield ind1=" " ind2=" " tag="500"><subfield code="a">Published out of Kings Mountain, N.C. for the towns of Bessemer City, N.C., Dallas, N.C. and Stanley, N.C.</subfield></datafield><datafield ind1=" " ind2=" " tag="588"><subfield code="a">Description based on: Vol. 32, no. 10 (Jan. 14, 1987).</subfield></datafield><datafield ind1=" " ind2=" " tag="752"><subfield code="a">United States</subfield><subfield code="b">North Carolina</subfield><subfield code="c">Gaston</subfield><subfield code="d">Bessemer City.</subfield></datafield><datafield ind1=" " ind2=" " tag="752"><subfield code="a">United States</subfield><subfield code="b">North Carolina</subfield><subfield code="c">Gaston</subfield><subfield code="d">Dallas.</subfield></datafield><datafield ind1=" " ind2=" " tag="752"><subfield code="a">United States</subfield><subfield code="b">North Carolina</subfield><subfield code="c">Gaston</subfield><subfield code="d">Stanley.</subfield></datafield><datafield ind1=" " ind2=" " tag="752"><subfield code="a">United States</subfield><subfield code="b">North Carolina</subfield><subfield code="c">Cleveland</subfield><subfield code="d">Kings Mountain.</subfield></datafield><datafield ind1="0" ind2="0" tag="785"><subfield code="t">Bessemer City record</subfield><subfield code="w">(DLC)sn 97064571</subfield></datafield></record>